
@article{8804170,
  author={Wang, Shangping and Li, Dongyi and Zhang, Yaling and Chen, Juanjuan},
  journal={IEEE Access}, 
  title={Smart Contract-Based Product Traceability System in the Supply Chain Scenario}, 
  year={2019},
  volume={7},
  number={},
  pages={115122-115133},
  keywords={Blockchain;Supply chains;Smart contracts;Safety;Prototypes;Industries;Internet of Things;Blockchain;smart contract;supply chain;traceability;accountability},
  doi={10.1109/ACCESS.2019.2935873}
}


@ARTICLE{sheng2023blockchain,
  author={Sheng, Sai Woon and Wicha, Santichai},
  journal={Journal of Mobile Multimedia}, 
  title={Blockchain-Based Traceability for Teak Identity: A Transformational Approach}, 
  year={2024},
  volume={20},
  number={2},
  pages={267-306},
  keywords={Supply chains;Forestry;Documentation;Decentralized applications;Libraries;Robustness;Blockchains;Stakeholders;Security;Resilience;Blockchain technology;traceability;ethereum decentralized application (dapp);teak supply chain},
  doi={10.13052/jmm1550-4646.2022}}


@article{Pourvahab2019Efficient,
  author={Pourvahab, Mehran and Ekbatanifard, Gholamhossein},
  title={An Efficient Forensics Architecture in Software-Defined Networking-IoT Using Blockchain Technology},
  journal={IEEE Access},
  year={2019}
}

@article{MorilloReina2025Decentralized,
  author={Morillo Reina, J. D. and Mateo Sanguino, T. J.},
  title={Decentralized and Secure Blockchain Solution for Tamper-Proof Logging Events},
  journal={Future Internet},
  year={2025},
  volume={17},
  issue={3},
  pages={108}
}

@ARTICLE{Patel2024FuzzyEnhanced,
  author={Patel, Nishi and Patel, Dhyan and Jadav, Nilesh Kumar and Rathod, Tejal and Tanwar, Sudeep and Pau, Giovanni and Sharma, Gulshan and Alqahtani, Fayez and Tolba, Amr},
  journal={IEEE Access}, 
  title={Fuzzy-Enhanced Secure Messaging Framework for Smart Healthcare System}, 
  year={2024},
  volume={12},
  number={},
  pages={102977-102993},
  doi={10.1109/ACCESS.2024.3432662}}




@book{bishop2003computer,
  author    = {Matt Bishop},
  title     = {Computer Security: Art and Science},
  publisher = {Addison-Wesley},
  year      = {2003}
}

@article{Landauer2020,
author    = {Dipl.-Ing. Max Landauer and F. Skopik and M. Wurzenberger and others},
title     = {A Systematic Survey of Log Clustering Techniques},
journal   = {Computers \& Security},
volume    = {92},
pages     = {101739},
year      = {2020},
doi       = {10.1016/j.cose.2020.101739}
}

@techreport{axelsson2000ids,
  author      = {Stefan Axelsson},
  title       = {Intrusion Detection Systems: A Survey and Taxonomy},
  institution = {Chalmers University of Technology},
  year        = {2000},
  type        = {Technical Report}
}

@misc{iso27001,
  title        = {{ISO/IEC 27001:2013} Information technology — Security techniques — Information security management systems — Requirements},
  year         = {2013},
  howpublished = {International Organization for Standardization and International Electrotechnical Commission},
  note         = {Standard}
}

@article{kabiri2005survey,
  author  = {P. Kabiri and A. A. Ghorbani},
  title   = {Research on Intrusion Detection and Response: A Survey},
  journal = {International Journal of Network Security},
  volume  = {1},
  number  = {2},
  pages   = {84--102},
  year    = {2005}
}

@techreport{kent2006log,
  author      = {Karen Kent and Murugiah Souppaya},
  title       = {Guide to Computer Security Log Management},
  institution = {National Institute of Standards and Technology (NIST)},
  type        = {NIST Special Publication},
  number      = {800-92},
  year        = {2006}
}

@article{axelsson2000base,
  author  = {S. Axelsson},
  title   = {The Base-Rate Fallacy and the Difficulty of Intrusion Detection},
  journal = {ACM Transactions on Information and System Security (TISSEC)},
  volume  = {3},
  number  = {3},
  pages   = {186--205},
  year    = {2000}
}

@misc{lonvick2001syslog,
  author       = {C. Lonvick},
  title        = {The BSD Syslog Protocol},
  howpublished = {IETF RFC 3164},
  month        = aug,
  year         = {2001},
  note         = {\url{https://www.rfc-editor.org/rfc/rfc3164}}
}

@misc{nakamoto2008bitcoin,
  author       = {S. Nakamoto},
  title        = {Bitcoin: A Peer-to-Peer Electronic Cash System},
  year         = {2008},
  howpublished = {\url{https://bitcoin.org/bitcoin.pdf}},
  note         = {Online}
}

@article{crosby2016blockchain,
  author  = {M. Crosby and P. Pattanayak and S. Verma and V. Kalyanaraman},
  title   = {Blockchain Technology: Beyond Bitcoin},
  journal = {Applied Innovation},
  volume  = {2},
  pages   = {6--10},
  year    = {2016}
}

@misc{wood2014ethereum,
  author = {G. Wood},
  title  = {Ethereum: A Secure Decentralised Generalised Transaction Ledger},
  year   = {2014},
  howpublished = {Ethereum Project Yellow Paper}
}

@inproceedings{zheng2017overview,
  author    = {Z. Zheng and S. Xie and H. Dai and X. Chen and H. Wang},
  title     = {An Overview of Blockchain Technology: Architecture, Consensus, and Future Trends},
  booktitle = {Proc. IEEE International Congress on Big Data},
  pages     = {557--564},
  year      = {2017}
}

@article{christidis2016blockchains,
  author  = {K. Christidis and M. Devetsikiotis},
  title   = {Blockchains and Smart Contracts for the Internet of Things},
  journal = {IEEE Access},
  volume  = {4},
  pages   = {2292--2303},
  year    = {2016}
}

@article{lamport1982byzantine,
  author  = {L. Lamport and R. Shostak and M. Pease},
  title   = {The Byzantine Generals Problem},
  journal = {ACM Transactions on Programming Languages and Systems},
  volume  = {4},
  number  = {3},
  pages   = {382--401},
  year    = {1982}
}

@inproceedings{birk2011forensics,
  author    = {D. Birk and C. Wegener},
  title     = {Technical Issues of Forensic Investigations in Cloud Computing Environments},
  booktitle = {Proc. 6th IEEE Int. Workshop on Systematic Approaches to Digital Forensic Engineering},
  pages     = {1--10},
  year      = {2011}
}

@book{stallings2017crypto,
  author    = {William Stallings},
  title     = {Cryptography and Network Security: Principles and Practice},
  edition   = {7},
  publisher = {Pearson},
  year      = {2017}
}

@book{Pfleeger2007,
  author    = {C. P. Pfleeger and S. L. Pfleeger},
  title     = {Security in Computing},
  edition   = {4th},
  publisher = {Prentice Hall},
  year      = {2007}
}

@book{Stallings2017,
  author    = {W. Stallings},
  title     = {Cryptography and Network Security: Principles and Practice},
  edition   = {7th},
  publisher = {Pearson},
  year      = {2017}
}

@book{Bishop2018,
  author    = {M. Bishop},
  title     = {Computer Security: Art and Science},
  edition   = {2nd},
  publisher = {Addison-Wesley},
  year      = {2018}
}

@book{Stallings2018,
  author    = {W. Stallings},
  title     = {Computer Security: Principles and Practice},
  edition   = {4th},
  publisher = {Pearson},
  year      = {2018}
}

@misc{Symantec2017,
  author    = {Symantec},
  title     = {WannaCry: Ransomware Attack},
  howpublished = {Symantec Security Response},
  year      = {2017},
  note      = {[Online]. Available: https://symantec-enterprise-blogs.security.com}
}

@misc{OWASP2021,
  author    = {OWASP Foundation},
  title     = {OWASP Top Ten Web Application Security Risks},
  year      = {2021}
}

@article{Crosby2016,
  author    = {M. Crosby and others},
  title     = {Blockchain technology: Beyond bitcoin},
  journal   = {Applied Innovation Review},
  volume    = {2},
  pages     = {6--10},
  year      = {2016}
}

@article{Sandhu1996,
  author    = {R. Sandhu and others},
  title     = {Role-Based Access Control Models},
  journal   = {IEEE Computer},
  volume    = {29},
  number    = {2},
  pages     = {38--47},
  year      = {1996}
}

@article{Haber1991,
  author    = {S. Haber and W. S. Stornetta},
  title     = {How to time-stamp a digital document},
  journal   = {Journal of Cryptology},
  volume    = {3},
  number    = {2},
  pages     = {99--111},
  year      = {1991}
}

@misc{Buterin2014,
  author    = {V. Buterin},
  title     = {A next-generation smart contract and decentralized application platform},
  howpublished = {Ethereum White Paper},
  year      = {2014}
}

@book{Swan2015,
  author    = {M. Swan},
  title     = {Blockchain: Blueprint for a New Economy},
  edition   = {1st},
  publisher = {O'Reilly Media},
  year      = {2015}
}

@inproceedings{Xu2017,
  author    = {X. Xu and others},
  title     = {A taxonomy of blockchain-based systems for architecture design},
  booktitle = {IEEE International Conference on Software Architecture (ICSA)},
  pages     = {243--252},
  year      = {2017}
}

@misc{HyperledgerFabric2.5KeyConcepts,
  author    = {Hyperledger Fabric Documentation},
  title     = {Key Concepts},
  howpublished = {Release 2.5},
  note      = {[Online]. Available: \url{https://hyperledger-fabric.readthedocs.io/en/release-2.5/key_concepts.html}}
}

@article{Koblitz2004,
  author    = {N. Koblitz and A. Menezes},
  title     = {A Survey of Public-Key Cryptosystems},
  journal   = {SIAM Review},
  volume    = {46},
  number    = {4},
  pages     = {599--634},
  year      = {2004}
}

@book{Bishop2019,
  author    = {M. Bishop},
  title     = {Computer Security: Art and Science},
  edition   = {2nd},
  publisher = {Addison-Wesley},
  year      = {2019}
}

@misc{HyperledgerFabric2.5Identity,
  author    = {Hyperledger Fabric Documentation},
  title     = {Identity and Membership},
  note      = {[Online]. Available: \url{https://hyperledger-fabric.readthedocs.io/en/release-2.5/identity/}}
}

@book{Tapscott2016,
  author    = {A. Tapscott and D. Tapscott},
  title     = {Blockchain Revolution: How the Technology Behind Bitcoin Is Changing Money, Business, and the World},
  publisher = {Portfolio Penguin},
  year      = {2016}
}

@book{Antonopoulos2017,
  author    = {A. M. Antonopoulos},
  title     = {Mastering Bitcoin: Programming the Open Blockchain},
  edition   = {2nd},
  publisher = {O'Reilly Media},
  year      = {2017}
}

@incollection{Lee2011,
  author    = {I. Lee},
  title     = {Private Blockchain},
  booktitle = {Encyclopedia of Cryptography and Security},
  editor    = {H. C. A. van Tilborg and S. Jajodia},
  publisher = {Springer},
  year      = {2011}
}

@misc{Wood2014,
  author    = {G. Wood},
  title     = {Ethereum: A Secure Triple-Layered Platform For Decentralized Applications},
  year      = {2014},
  note      = {[Online]. Available: https://ethereum.github.io/yellowpaper/paper.pdf}
}

@book{Narayanan2016,
  author    = {A. Narayanan and others},
  title     = {Bitcoin and Cryptocurrency Technologies},
  publisher = {Princeton University Press},
  year      = {2016}
}

@misc{EthereumWhitePaper,
  author    = {Ethereum Foundation},
  title     = {Ethereum White Paper},
  year      = {2014},
  note      = {[Online]. Available: \url{https://ethereum.org/en/whitepaper/}}
}

@misc{HyperledgerFabric,
  author    = {Linux Foundation},
  title     = {Hyperledger Fabric Documentation},
  note      = {[Online]. Available: \url{https://www.hyperledger.org/use/fabric}}
}

@misc{Szabo1996,
  author    = {N. Szabo},
  title     = {Smart Contracts: Building Blocks for Digital Markets},
  year      = {1996},
  note      = {[Online]. Available: \url{https://www.fon.hum.uva.nl/rob/Courses/InformationInSpeech/CDROM/Literature/LOTwinterschool2006/szabo.best.vwh.net/smart.contracts.html}}
}

@article{Boutaba2019,
  author    = {R. Boutaba and others},
  title     = {A Comprehensive Survey on Security and Privacy Issues in Log Management},
  journal   = {IEEE Commun. Surv. Tutor.},
  volume    = {21},
  number    = {3},
  pages     = {2702--2734},
  year      = {2019}
}

@inproceedings{Perrig2000,
  author    = {A. Perrig and others},
  title     = {Efficient Authentication and Signing of Multicast Streams over Lossy Channels},
  booktitle = {IEEE Symposium on Security and Privacy},
  pages     = {56--73},
  year      = {2000}
}

@misc{ISO9000-2015,
  title     = {Quality management systems — Fundamentals and vocabulary},
  type      = {International Standard},
  organization = {International Organization for Standardization},
  year      = {2015}
}

@book{Schneier2000,
  author    = {B. Schneier},
  title     = {Secrets and Lies: Digital Security in a Networked World},
  publisher = {W. W. Norton \& Company},
  year      = {2000}
}

@book{Bejtlich2013,
  author    = {R. Bejtlich},
  title     = {The Practice of Network Security Monitoring},
  publisher = {No Starch Press},
  year      = {2013}
}

@misc{Lonvick2001,
  author    = {C. Lonvick},
  title     = {The BSD Syslog Protocol},
  howpublished = {RFC 3164},
  year      = {2001}
}

@book{Chuvakin2013,
  author    = {S. Chuvakin and A. Z. Jones and B. Schmidt},
  title     = {Security Information and Event Management (SIEM) Implementation},
  publisher = {McGraw-Hill},
  year      = {2013}
}

@article{Ghaffari2021,
  author    = {A. Ghaffari and M. Ghobaei-Arani},
  title     = {Using blockchain for secure logging in distributed systems: A survey},
  journal   = {IEEE Access},
  volume    = {9},
  pages     = {91199--91219},
  year      = {2021}
}

@book{Peterson2014,
  author    = {G. Peterson},
  title     = {Security Information and Event Management (SIEM) Implementation},
  edition   = {2nd},
  publisher = {McGraw-Hill},
  year      = {2014}
}

@article{Xu2018,
  author    = {X. Xu and others},
  title     = {A taxonomy of blockchain-based systems for architecture design},
  journal   = {IEEE Access},
  volume    = {6},
  pages     = {46781--46804},
  year      = {2018}
}

@article{Christidis2016,
  author    = {K. Christidis and M. Devetsikiotis},
  title     = {Blockchains and smart contracts for the internet of things},
  journal   = {IEEE Access},
  volume    = {4},
  pages     = {2292--2303},
  year      = {2016}
}

@misc{Beck2001,
  author    = {K. Beck and others},
  title     = {Manifesto for Agile Software Development},
  year      = {2001}
}

@misc{HyperledgerFabricIntroduction,
  author    = {Hyperledger Fabric Docs},
  title     = {Introduction},
  note      = {[Online]. Available: https://hyperledger-fabric.readthedocs.io}
}

@article{Viriyasitavat2020,
  author    = {W. Viriyasitavat},
  title     = {Blockchain Applications in Security and Privacy: A Survey},
  journal   = {IEEE Communications Surveys \& Tutorials},
  volume    = {22},
  number    = {4},
  year      = {2020}
}

@article{Singh2020,
  author    = {G. Singh and others},
  title     = {Testing Blockchain Applications: Challenges and Solutions},
  journal   = {IEEE Access},
  volume    = {8},
  pages     = {23273--23285},
  year      = {2020}
}

@article{Zafar2021,
  author    = {S. Zafar and M. M. Rathore},
  title     = {Blockchain for Cybersecurity: A Review},
  journal   = {IEEE Access},
  volume    = {9},
  pages     = {129025--129042},
  year      = {2021}
}

@misc{Brown2016,
  author    = {R. G. Brown and others},
  title     = {Introducing R3 Corda: A Distributed Ledger Technology},
  organization = {R3},
  year      = {2016}
}

@article{Reyna2018,
  author    = {A. Reyna and others},
  title     = {On blockchain and its integration with IoT. Challenges and opportunities},
  journal   = {Future Generation Computer Systems},
  volume    = {88},
  pages     = {173--190},
  year      = {2018}
}

@book{drescher2017blockchain,
  title = {Blockchain Basics: A Non-Technical Introduction in 25 Steps},
  author = {Drescher, Daniel},
  isbn = 9781484226032,
  year = 2017,
  month = mar,
  edition = {1st},
  publisher = {Apress},
  address = {New York}
}

@book{Antonopoulos2014,
  author    = {Andreas M. Antonopoulos},
  title     = {Mastering Bitcoin: Unlocking Digital Cryptocurrencies},
  publisher = {O'Reilly Media, Inc.},
  year      = {2014},
  isbn      = {978-1449374044}
}

@misc{EthereumYellowPaper,
  author       = {Gavin Wood},
  title        = {Ethereum: A Secure Decentralised Generalised Transaction Ledger},
  year         = {2014},
  howpublished = {\url{https://ethereum.github.io/yellowpaper/paper.pdf}},
  note         = {Ethereum Project Yellow Paper}
}

@article{Szabo1997,
  author  = {Nick Szabo},
  title   = {Formalizing and Securing Relationships on Public Networks},
  journal = {First Monday},
  volume  = {2},
  number  = {9},
  year    = {1997},
  url     = {https://firstmonday.org/ojs/index.php/fm/article/view/548}
}

@inproceedings{Androulaki2018,
  author    = {Elli Androulaki and Artem Barger and Vita Bortnikov and Christian Cachin and Konstantinos Christidis and Angelo De Caro and David Enyeart and Christopher Ferris and Gennady Laventman and Yacov Manevich and Srinivasan Muralidharan and Chet Murthy and Binh Nguyen and Manish Sethi and Gari Singh and Keith Smith and Alessandro Sorniotti and Chrysoula Stathakopoulou and Marko Vukolic and Sharon Weed Cocco and Jason Yellick},
  title     = {Hyperledger Fabric: A Distributed Operating System for Permissioned Blockchains},
  booktitle = {Proceedings of the Thirteenth EuroSys Conference},
  year      = {2018},
  pages     = {1--15},
  publisher = {ACM},
  doi       = {10.1145/3190508.3190538}
}

@book{Cachin2011,
  author    = {Christian Cachin and Rachid Guerraoui and Luís Rodrigues},
  title     = {Introduction to Reliable and Secure Distributed Programming},
  publisher = {Springer Science \& Business Media},
  year      = {2011},
  isbn      = {9783642152597}
}

@misc{HyperledgerFabricDocs,
  title        = {Writing Your First Application},
  howpublished = {\url{https://hyperledger-fabric.readthedocs.io/en/latest/developapps/writing_first_app.html}},
  note         = {Accessed: 2025-05-29},
  year         = {2023}
}

@inproceedings{Giaretta2018,
  author    = {D. Giaretta and M. P. Alberti and F. Martelli},
  title     = {A Comparative Analysis of Permissioned Blockchain Technologies for Supply Chain Management},
  booktitle = {2018 IEEE International Conference on Software Quality, Reliability and Security Companion (QRS-C)},
  year      = {2018},
  pages     = {261--266},
  publisher = {IEEE},
  doi       = {10.1109/QRS-C.2018.00064}
}

@misc{HyperledgerFabricMSP,
  title        = {Membership Service Provider (MSP)},
  howpublished = {\url{https://hyperledger-fabric.readthedocs.io/en/latest/msp/msp.html}},
  note         = {Accessed: 2025-05-29},
  year         = {2023}
}

@misc{R3Corda2021,
  title        = {Corda Technical Whitepaper},
  author       = {{R3}},
  howpublished = {\url{https://www.r3.com/wp-content/uploads/2021/08/Corda-Technical-Whitepaper-August-2021.pdf}},
  note         = {Accessed: 2025-05-29},
  year         = {2021}
}

@techreport{Hearn2016,
  author       = {Mike Hearn},
  title        = {Corda: A Distributed Ledger},
  institution  = {R3},
  year         = {2016},
  type         = {White Paper}
}

@misc{Brown2018,
  author       = {R. G. Brown},
  title        = {On Consensus in Corda},
  howpublished = {\url{https://www.r3.com/blog/on-consensus-in-corda/}},
  note         = {Accessed: 2025-05-29},
  year         = {2018}
}

@misc{R3CordaDocs,
  title        = {Corda Documentation},
  author       = {{R3}},
  howpublished = {\url{https://docs.corda.net/}},
  note         = {Accessed: 2025-05-29},
  year         = {2021}
}

@misc{R3CordaPrivacy,
  title        = {Privacy on Corda},
  author       = {{R3}},
  howpublished = {\url{https://docs.corda.net/key-concepts-privacy.html}},
  note         = {Accessed: 2025-05-29},
  year         = {2021}
}

@misc{R3CordaIdentity,
  title        = {Identity},
  author       = {{R3}},
  howpublished = {\url{https://docs.corda.net/key-concepts-identity.html}},
  note         = {Accessed: 2025-05-29},
  year         = {2021}
}

@misc{CiscoPPDIOO,
  author       = {{Cisco Systems}},
  title        = {PPDIOO Lifecycle},
  howpublished = {\url{https://www.cisco.com/c/en/us/about/press/internet-protocol-journal/blogs/200404.html}},
  note         = {Accessed: 2025-05-29},
  year         = {2004}
}

@techreport{NISTLogManagement,
  author       = {{National Institute of Standards and Technology}},
  title        = {Guide to Computer Security Log Management},
  institution  = {NIST},
  number       = {Special Publication 800-92},
  year         = {2006},
  url          = {https://nvlpubs.nist.gov/nistpubs/Legacy/SP/nistspecialpublication800-92.pdf},
  note         = {Accessed: 2025-05-29}
}

@misc{RFC5424,
  author       = {J. Gerhards},
  title        = {The Syslog Protocol},
  howpublished = {RFC 5424, IETF},
  month        = mar,
  year         = {2009},
  url          = {https://datatracker.ietf.org/doc/html/rfc5424},
  note         = {Accessed: 2025-05-29}
}

@misc{SyslogIntegration,
  title        = {Syslog-ng Documentation},
  howpublished = {\url{https://syslog-ng.github.io/admin-guide/200_About/002_Glossary\#source}},
  note         = {Accessed: 2025-05-29},
  year         = {2022}
}

@misc{HyperledgerFabricArchitecture,
  title        = {Architecture},
  author       = {{Hyperledger Fabric Documentation}},
  howpublished = {\url{https://hyperledger-fabric.readthedocs.io/en/latest/arch-overview.html}},
  note         = {Accessed: 2025-05-29},
  year         = {2023}
}

@misc{HyperledgerFabricChannels,
  title        = {Channels},
  author       = {{Hyperledger Fabric Documentation}},
  howpublished = {\url{https://hyperledger-fabric.readthedocs.io/en/latest/channels.html}},
  note         = {Accessed: 2025-05-29},
  year         = {2023}
}

@misc{HyperledgerFabricChaincode,
  title = {Writing Your First Chaincode},
  author = {{Hyperledger Foundation}},
  organization = {Hyperledger Foundation},
  year = 2023,
  url = {https://hyperledger-fabric.readthedocs.io/en/release-2.5/chaincode4ade.html},
  note = {Hyperledger Fabric v2.5 Documentation},
  urldate = {2025-07-25}
}

@misc{RadwHyperledger2018,
  author = {radw2020},
  title = {Hyperledger Fabric},
  year = 2018,
  month = apr,
  day = 1,
  url = {https://radw2020.github.io/2018/04/01/Hyperledger-Fabric/},
  note = {Blog post},
  language = {spanish}
}

@book{bishop2003,
  author    = {M. Bishop},
  title     = {Computer Security: Art and Science},
  publisher = {Addison-Wesley},
  address   = {Boston, MA, USA},
  year      = {2003}
}




@book{casey2011,
  author    = {E. Casey},
  title     = {Digital Evidence and Computer Crime: Forensic Science, Computers, and the Internet},
  publisher = {Academic Press},
  year      = {2011}
}

@misc{gerhards2009,
  author    = {R. Gerhards},
  title     = {The Syslog Protocol},
  howpublished = {\url{https://tools.ietf.org/html/rfc5424}},
  year      = {2009},
  month     = mar,
  note      = {IETF RFC 5424}
}

@techreport{kent2006,
  author    = {A. Kent and M. Souppaya},
  title     = {Guide to Computer Security Log Management},
  institution = {NIST},
  number    = {Special Publication 800-92},
  year      = {2006},
  month     = sep
}


